<record><leader>00000cas a2200000 a 4500</leader><controlfield tag="001">13474754</controlfield><controlfield tag="008">860422d1855186uiluwr ne      0    0eng c</controlfield><datafield ind1=" " ind2=" " tag="010"><subfield code="a">sn 86063870 </subfield></datafield><datafield ind1=" " ind2=" " tag="040"><subfield code="a">KSH</subfield><subfield code="b">eng</subfield><subfield code="c">KSH</subfield><subfield code="d">NPT</subfield><subfield code="d">NVF</subfield><subfield code="d">OCL</subfield><subfield code="d">NVF</subfield><subfield code="d">OCLCF</subfield><subfield code="d">OCLCO</subfield></datafield><datafield ind1="1" ind2=" " tag="029"><subfield code="a">AU@</subfield><subfield code="b">000020236180</subfield></datafield><datafield ind1=" " ind2=" " tag="042"><subfield code="a">pcc</subfield></datafield><datafield ind1=" " ind2=" " tag="043"><subfield code="a">n-us-il</subfield></datafield><datafield ind1="0" ind2="4" tag="245"><subfield code="a">The Valley blade.</subfield></datafield><datafield ind1="1" ind2="3" tag="246"><subfield code="a">Weekly valley blade</subfield><subfield code="b">&lt;Aug. 4, 1858-Jan. 26, 1859&gt;</subfield></datafield><datafield ind1=" " ind2=" " tag="260"><subfield code="a">Paris, Ill. :</subfield><subfield code="b">St. Clair Sutherland,</subfield><subfield code="c">1855-[186-?].</subfield></datafield><datafield ind1=" " ind2=" " tag="300"><subfield code="a">v.</subfield></datafield><datafield ind1=" " ind2=" " tag="310"><subfield code="a">Weekly</subfield></datafield><datafield ind1="1" ind2=" " tag="362"><subfield code="a">Began in 1855.</subfield></datafield><datafield ind1=" " ind2=" " tag="580"><subfield code="a">Merged with: Prairie beacon, to form: Prairie beacon &amp; valley blade.</subfield></datafield><datafield ind1=" " ind2=" " tag="588"><subfield code="a">Latest issue consulted: July 18, 1859.</subfield></datafield><datafield ind1=" " ind2=" " tag="588"><subfield code="a">Description based on: Vol. 1, no. 7 (May 2, 1855).</subfield></datafield><datafield ind1=" " ind2="0" tag="651"><subfield code="a">Paris (Ill.)</subfield><subfield code="v">Newspapers.</subfield></datafield><datafield ind1=" " ind2="0" tag="651"><subfield code="a">Wabash River Valley</subfield><subfield code="v">Newspapers.</subfield></datafield><datafield ind1=" " ind2="7" tag="655"><subfield code="a">Newspapers.</subfield><subfield code="2">fast</subfield><subfield code="0">(OCoLC)fst01423814</subfield></datafield><datafield ind1=" " ind2="7" tag="651"><subfield code="a">Illinois</subfield><subfield code="z">Paris.</subfield><subfield code="2">fast</subfield><subfield code="0">(OCoLC)fst01219149</subfield></datafield><datafield ind1=" " ind2="7" tag="651"><subfield code="a">United States</subfield><subfield code="z">Wabash River Valley.</subfield><subfield code="2">fast</subfield><subfield code="0">(OCoLC)fst01275725</subfield></datafield><datafield ind1=" " ind2=" " tag="752"><subfield code="a">United States</subfield><subfield code="b">Illinois</subfield><subfield code="c">Edgar</subfield><subfield code="d">Paris.</subfield></datafield><datafield ind1="1" ind2="7" tag="785"><subfield code="t">Prairie beacon</subfield><subfield code="w">(DLC)sn 82014948</subfield></datafield><datafield ind1="1" ind2="7" tag="785"><subfield code="t">Prairie beacon &amp; valley blade</subfield><subfield code="w">(DLC)sn 85033975</subfield></datafield></record>